@misc{graphql,
author={The GraphQL Foundation},
year={2020},
title={GraphQL},
howpublished={\url{https://graphql.org/}}
}